@inproceedings{conference1,
  title={Conference paper's title},
  author={Surname1, Name1 and Surname2, Name2},
  booktitle={Name of the conference proceedings},
  pages={222--228},
  year={2020},
  organization={IEEE}
}

@article{article1,
  title={Article title},
  author={Surname1, Name1 and Surname2, Name2},
  journal={Journal's Name},
  volume={129},
  number={7},
  pages={2113--2135},
  year={2021},
  publisher={Publisher's Name}
}

@book{book1,
  title = {Book's title},
  author={Surname1, Name1 and Surname2, Name2},
  year = 1988,
  publisher= {Publisher's Name},
  address = {}
}


@misc{mit,
    title={The pandemic made life harder for deaf people. The solutions could benefit everyone.}, 
    author={Tanya Basu},
    year={2020},
    url={https://www.technologyreview.com/2020/05/28/1002314/clear-mask-captioning-live-transcription-deaf-coronavirus-pandemic/}
}

